<?xml version="1.0" encoding="UTF-8"?><collection><record><leader>05638ntm a2200577 a 4500</leader><controlfield tag="001">006813661</controlfield><controlfield tag="003">MiAaHDL</controlfield><controlfield tag="005">20190719000000.0</controlfield><controlfield tag="006">m        d        </controlfield><controlfield tag="007">cr bn ---auaua</controlfield><controlfield tag="008">090606s17uu    xx            00| ||per d</controlfield><datafield tag="035" ind1=" " ind2=" "><subfield code="a">(MiU)006813661</subfield></datafield><datafield tag="035" ind1=" " ind2=" "><subfield code="a">sdr-miu006813661</subfield></datafield><datafield tag="040" ind1=" " ind2=" "><subfield code="a">MiU</subfield><subfield code="c">MiU</subfield><subfield code="e">amremm</subfield></datafield><datafield tag="043" ind1=" " ind2=" "><subfield code="a">n-us-mi</subfield></datafield><datafield tag="100" ind1="0" ind2=" "><subfield code="6">880-01</subfield><subfield code="a">Saʻdī.</subfield></datafield><datafield tag="240" ind1="1" ind2="0"><subfield code="6">880-02</subfield><subfield code="a">Gulistān</subfield></datafield><datafield tag="245" ind1="1" ind2="0"><subfield code="6">880-03</subfield><subfield code="a">Kitāb-i Gulistān,</subfield><subfield code="f">[18th century?].</subfield></datafield><datafield tag="246" ind1="3" ind2=" "><subfield code="a">كتاب گلستان</subfield></datafield><datafield tag="260" ind1=" " ind2=" "><subfield code="c">[17--?].</subfield></datafield><datafield tag="300" ind1=" " ind2=" "><subfield code="a">113 leaves :</subfield><subfield code="b">paper ;</subfield><subfield code="c">202 x 105 (146 x 50) mm.</subfield></datafield><datafield tag="500" ind1=" " ind2=" "><subfield code="a">Shelfmark: Ann Arbor, University of Michigan, Special Collections Library, Isl. Ms. 304</subfield></datafield><datafield tag="500" ind1=" " ind2=" "><subfield code="a">Origin: Lacks dated colophon ; decoration, paper, etc. may suggest 18th century.</subfield></datafield><datafield tag="500" ind1=" " ind2=" "><subfield code="a">Former shelfmark: "315 T. D. M. [i.e. Tammaro De Marinis]" inscribed in pencil on recto of front flyleaf (p.1).</subfield></datafield><datafield tag="500" ind1=" " ind2=" "><subfield code="a">Binding: Pasteboards (quite heavy) covered in quite dark red-brown leather ; Type II binding (with flap) ; possibly two-piece binding ; doublures in light brown leather ; upper and lower covers carry large block-stamped (two impressions with join visible) and gold-painted recessed rectangular panel filled with symmetrical vegetal composition with floral motifs, surrounded by gold-tooled border in a series of s-shaped stamps defined by gold fillets ; upper and lower doublures carry stamped, gold-painted (over red leather recessed onlays), central medallion built up of a repeated dome-shaped stamp (two impressions, forming a lozenge shape, also repeated on interior of envelope flap) with interior floral motif and gold-tooled border in a series of s-shaped stamps defined by gold fillets ; design continues on envelope flap ; sewn mainly in dark pink thread, two stations ; worked chevron endbands in dark brown and cream ; overall in fair condition with abrasion, staining, lifting and losses of leather, etc. ; repairs to board edges, spine (rebacked), and fore edge flap in quite dark brown leather ; opening gathering has been resewn in blue thread through spine leather (visible on spine).</subfield></datafield><datafield tag="500" ind1=" " ind2=" "><subfield code="a">Support: non-European laid paper of perhaps two types ; one type with 8 laid lines per cm. (horizontal, indistinct), cloudy formation, medium cream in color, well-burnished, quite sturdy ; another type with 9 laid lines per cm. (vertical), beige in color, transluscent, sturdy, and from p.65 alternating with pink or blue tinted leaves ; some repairs and staining ; flyleaves in European laid paper with 10 laid lines per cm. (horizontal), chain lines spaced 28 mm. apart (vertical), and watermarks of lion in shield and eagle with wings spread.</subfield></datafield><datafield tag="500" ind1=" " ind2=" "><subfield code="a">Decoration: Illuminated headpiece (ʻunwān / sarlawḥ) at opening on p.6 consisting of rectangular panel with empty gold cartouche flanked by floral motifs in red-orange, blue, lavender, and gold on fields of blue and gold, surmounted by scalloped semi-circular piece (dome) filled with swirling floral vegetal composition in gold, white, blue, lavender, red-orange, and pink with black outlining on a gold and blue ground, all surmounted by vertical stalks (tīgh) in blue and set into a well / border of red and gold with white accents ; written area surrounded by frame consisting of gold band outlined by black fillets ; keywords chrysographed ; textual dividers in the form of gold discs.</subfield></datafield><datafield tag="500" ind1=" " ind2=" "><subfield code="a">Script: Nastaʻlīq (talik) ; fine Ottoman hand in a medium line ; serifless with characteristic elongation of horizontal strokes, effect of words descending to baseline, etc.</subfield></datafield><datafield tag="500" ind1=" " ind2=" "><subfield code="a">Layout: Written in 15 lines per page ; frame-ruled.</subfield></datafield><datafield tag="500" ind1=" " ind2=" "><subfield code="a">Collation: ii, 11 V(110), I+1 (113), ii ; almost exclusively quinions ; catchwords present ; pagination in pencil, Western numerals (includes flyleaves).</subfield></datafield><datafield tag="500" ind1=" " ind2=" "><subfield code="a">Explicit: "خاتمه تمام شد كتاب كلستان و الله المستعان بتوفيق بارى عز اسمه درين جمله چنانكه رسم مؤلفانست از شعر متقدمان بطريق استعارت تلفيقى برفت ... واطلب لنفسك من خير تريد به من بعد ذلك غفرانا لصاحبه"</subfield></datafield><datafield tag="500" ind1=" " ind2=" "><subfield code="a">Incipit: "منت خدای را عز و جل که طاعتش موجب قربتست ..."</subfield></datafield><datafield tag="500" ind1=" " ind2=" "><subfield code="a">Title from close on p.229.</subfield></datafield><datafield tag="500" ind1=" " ind2=" "><subfield code="a">Ms. codex.</subfield></datafield><datafield tag="510" ind1="4" ind2=" "><subfield code="a">Rypka,</subfield><subfield code="c">p. 251-253</subfield></datafield><datafield tag="510" ind1="4" ind2=" "><subfield code="a">Browne,</subfield><subfield code="c">v. ii, p.525-532</subfield></datafield><datafield tag="510" ind1="4" ind2=" "><subfield code="a">Cat. Pers. MSS Brit. Mus.,</subfield><subfield code="c">p.595 ff.</subfield></datafield><datafield tag="520" ind1="8" ind2=" "><subfield code="a">Elegant copy of the Gulistān, celebrated collection of moralizing anecdotes in rhymed prose interspersed with verse (maqāmah form), composed in 1258 by the renowned Persian poet and prose writer, Saʻdī (d.1292).</subfield></datafield><datafield tag="538" ind1=" " ind2=" "><subfield code="a">Mode of access: Internet.</subfield></datafield><datafield tag="541" ind1=" " ind2=" "><subfield code="c">Purchase ;</subfield><subfield code="a">Acquired by purchase (funds donated by Horace Rackham).</subfield><subfield code="d">1924.</subfield></datafield><datafield tag="546" ind1=" " ind2=" "><subfield code="a">Persian.</subfield></datafield><datafield tag="561" ind1=" " ind2=" "><subfield code="a">Inscription in pencil "315 T. D. M. [i.e. Tammaro De Marinis]" on verso of front flyleaf ; a few marginal and interlinear glosses and occasional corrections.</subfield></datafield><datafield tag="650" ind1=" " ind2="0"><subfield code="a">Manuscripts, Persian</subfield><subfield code="z">Michigan</subfield><subfield code="z">Ann Arbor.</subfield></datafield><datafield tag="650" ind1=" " ind2="0"><subfield code="a">Sufi poetry, Persian</subfield><subfield code="v">Early works to 1800.</subfield></datafield><datafield tag="650" ind1=" " ind2="0"><subfield code="a">Persian poetry</subfield><subfield code="y">747-1500.</subfield></datafield><datafield tag="655" ind1=" " ind2="7"><subfield code="a">Headpieces (layout features)</subfield><subfield code="y">18th century.</subfield><subfield code="2">aat</subfield></datafield><datafield tag="700" ind1="0" ind2=" "><subfield code="a">Abdülhamid</subfield><subfield code="b">II,</subfield><subfield code="c">Sultan of the Turks,</subfield><subfield code="d">1842-1918,</subfield><subfield code="e">former owner.</subfield></datafield><datafield tag="773" ind1="0" ind2=" "><subfield code="a">Abdul Hamid Collection.</subfield></datafield><datafield tag="880" ind1="1" ind2="0"><subfield code="6">245-03/</subfield><subfield code="a">کتاب گلستان,</subfield><subfield code="f">[قرن 18م؟].</subfield></datafield><datafield tag="880" ind1="1" ind2="0"><subfield code="6">240-02/</subfield><subfield code="a">گلستان</subfield></datafield><datafield tag="880" ind1="0" ind2=" "><subfield code="6">100-01/</subfield><subfield code="a">سعدى.</subfield></datafield><datafield tag="CID" ind1=" " ind2=" "><subfield code="a">006813661</subfield></datafield><datafield tag="DAT" ind1="0" ind2=" "><subfield code="a">20190719102638.0</subfield><subfield code="b">20190719000000.0</subfield></datafield><datafield tag="DAT" ind1="1" ind2=" "><subfield code="a">20190719090653.0</subfield><subfield code="b">2019-07-19T16:11:54Z</subfield></datafield><datafield tag="DAT" ind1="2" ind2=" "><subfield code="a">2015-10-02T18:00:03Z</subfield></datafield><datafield tag="CAT" ind1=" " ind2=" "><subfield code="a">SDR-MIU</subfield><subfield code="d">EX LIBRIS - ALEPH</subfield><subfield code="l">prepare.pl-004-008</subfield></datafield><datafield tag="FMT" ind1=" " ind2=" "><subfield code="a">BK</subfield></datafield><datafield tag="HOL" ind1=" " ind2=" "><subfield code="0">sdr-miu006813661</subfield><subfield code="a">MiU</subfield><subfield code="b">SDR</subfield><subfield code="c">MIU</subfield><subfield code="p">mdp.39015079128495</subfield><subfield code="s">MIU</subfield><subfield code="1">006813661</subfield></datafield><datafield tag="974" ind1=" " ind2=" "><subfield code="b">MIU</subfield><subfield code="c">MIU</subfield><subfield code="d">20190719</subfield><subfield code="s">lit-dlps-dc</subfield><subfield code="u">mdp.39015079128495</subfield><subfield code="y">1799</subfield><subfield code="r">pd</subfield><subfield code="q">bib</subfield><subfield code="t">non-US bib date1 &lt; 1879</subfield></datafield></record></collection>